
@article{Bix92a,
  author =	"Bixby, R.",
  title =	"Implementing the Simplex Method: The Initial Basis",
  journal =	"ORSA Journal on Computing",
  volume =	"4",
  number =	"3",
  pages =	"267--284",
  month =	"Summer",
  year =	"1992",
  key =		"Bixby"
}

@misc{COIN,
  title =	"COIN-OR (Common Infrastructure for Operations Research)",
  howpublished = "\\Available at \texttt{http:{/}/www.coin-or.org}",
  key =		"COIN"
}

@article{For92,
  author =	"Forrest, J. and Goldfarb, D.",
  title =	"Steepest-edge simplex algorithms for linear programming",
  journal =	"Mathematical Programming",
  volume =	"57",
  pages =	"341--374",
  year =	"1992",
  key =		"Forrest"
}

@TechReport{Haf98a,
  author =	"Hafer, L.",
  title = 	"A Note on the Relationship of Primal and Dual Simplex",
  number =	"SFU-CMPT TR 1998-21",
  institution =  "School of Computing Science, Simon Fraser University",
  address =      "Burnaby, B.C., V5A 1S6",
  month =	dec,
  year =	"1998",
  key =		"Hafer",
  date =	"December 10, 1998",
  comment =	"Previously cited as Haf97b."
}

@TechReport{Haf98b,
  author =	"Hafer, L.",
  title = 	"\textsc{consys}: a dynamic constraint system",
  number =	"SFU-CMPT TR 1998-22",
  institution =  "School of Computing Science, Simon Fraser University",
  address =      "Burnaby, B.C., V5A 1S6",
  month =	dec,
  year =	"1998",
  key =		"Hafer",
  date =	"December 16, 1998",
  comment =	"Previously cited as Haf97a."
}

@misc{GLPK,
  author =	"Makhorin, A.",
  title =	"GLPK (GNU Linear Programming Kit)",
  howpublished = "\\Available at
		  \texttt{http:{/}/www.gnu.org/software/glpk/glpk.html}",
  key =		"Makhorin"
}

@techreport{Mak01,
  author =	"Makhorin, A.",
  title =	"GLPK Linear Programming Kit: Implementation of the Revised
		 Simplex Method",
  type =	"GLPK documentation",
  institution = "Moscow Aviation Institute",
  address =	"Moscow, Russia",
  month =	feb,
  year =	"2001",
  key =		"Makhorin"
}

@book{Mar03,
  author =	"Maros, I.",
  title =	"Computational Techniques of the Simplex Method",
  publisher =	"Kluwer Academic Publishers",
  address =	"Norwell, Massachusetts",
  year =	"2003",
  isbn =	"1-4020-7332-1",
  key =	"Maros"
}

@book{Pad95,
  author =	"Padberg, M.",
  title =	"Linear Optimization and Extensions",
  series =	"Algorithms and Combinatorics",
  volume =	"12",
  publisher = 	"Springer-Verlag",
  address = 	"New York",
  year =	"1995",
  isbn = 	"3-540-58734-9",
  key =		"Padberg"
}

@article{Rya88,
  author =	"Ryan, D. and Osborne, M.",
  title	=	"On the Solution of Highly Degenerate Linear Programmes",
  journal =	"Mathematical Programming",
  volume =	"41",
  pages =	"385--392",
  year =	"1988",
  key =		"Ryan",
  comment =	"This is a accessible description of the antidegeneracy
		 mechanism used in dylp.",
}

